@offline{Vcycle,
	title = {V-cycle},
	author = {Hu, Jun},
	year = {2024},
    month = {dec},
}

